<?xml version="1.0" encoding="UTF-8"?><collection xmlns="http://www.loc.gov/MARC21/slim"><record><leader>00553nam--2200181-i-4500</leader><controlfield tag="001">000020978</controlfield><controlfield tag="002">20161230</controlfield><controlfield tag="005">20161230201033</controlfield><controlfield tag="008">060222s1000------------r-----000-0-eng-d</controlfield><datafield ind1=" " ind2=" " tag="020"><subfield code="a">0-12-056</subfield></datafield><datafield ind1=" " ind2=" " tag="080"><subfield code="a">517.9</subfield></datafield><datafield ind1=" " ind2=" " tag="100"><subfield code="a">Maes, W. F. ; Harrell Ii, E. M.; Herod, J.V</subfield></datafield><datafield ind1=" " ind2=" " tag="245"><subfield code="a">Differential equations with applications to mathematical physics</subfield></datafield><datafield ind1=" " ind2=" " tag="260"><subfield code="a">Boston, Academic Press, Inc., 1993. 350 P</subfield></datafield><datafield ind1=" " ind2=" " tag="490"><subfield code="a">Mathematics In Science And Engineering</subfield><subfield code="v">vol. 192</subfield></datafield><datafield ind1=" " ind2=" " tag="700"><subfield code="a">Ames, W.F. /S.A.</subfield></datafield><datafield ind1=" " ind2=" " tag="852"><subfield code="a">17315</subfield></datafield><datafield ind1=" " ind2=" " tag="CAT"><subfield code="a">Sys</subfield><subfield code="c">20080407</subfield><subfield code="h">094021</subfield></datafield></record></collection>